@misc{keylogger,
    author    = "txemagon",
    title     = "Lnux-Usser-Mode-Keylogger",
    howpublished = "\url{https://github.com/txemagon/Linux-User-Mode-Keylogger}"
}
